<?xml version="1.0" encoding="UTF-8"?><collection xmlns="http://www.loc.gov/MARC21/slim"><record><leader>00528nam--2200133-i-4500</leader><controlfield tag="001">000003981</controlfield><controlfield tag="002">20161230</controlfield><controlfield tag="005">20170126231907</controlfield><controlfield tag="008">060222s1000------------r-----000-0-eng-d</controlfield><datafield ind1=" " ind2=" " tag="245"><subfield code="a">Cern european organization for nuclear research. Symposium 1956. Leading parameters of some of the highest energy particle accelerators now operating, under construction or projected., Vol. 2: fasc. 2-39, 40-50,51-65+14</subfield></datafield><datafield ind1=" " ind2=" " tag="260"><subfield code="a">Geneva</subfield><subfield code="b">Cern</subfield><subfield code="c">1956</subfield></datafield><datafield ind1=" " ind2=" " tag="300"><subfield code="a">/Pag.Dif.</subfield></datafield><datafield ind1=" " ind2=" " tag="852"><subfield code="a">621.384.6:539.126.34(061.3)</subfield></datafield><datafield ind1=" " ind2=" " tag="CAT"><subfield code="a">SYS</subfield><subfield code="c">20170126</subfield><subfield code="h">231907</subfield></datafield></record></collection>